% metatutor study
@incollection{azevedo2013using,
  title={Using trace data to examine the complex roles of cognitive, metacognitive, and emotional self-regulatory processes during learning with multi-agent systems},
  author={Azevedo, Roger and Harley, Jason and Trevors, Gregory and Duffy, Melissa and Feyzi-Behnagh, Reza and Bouchet, Fran{\c{c}}ois and Landis, Ronald},
  booktitle={International handbook of metacognition and learning technologies},
  pages={427--449},
  year={2013},
  publisher={Springer}
}

% 2016 data to predict emotion valence
@inproceedings{lalle2018prediction,
  title={Prediction of student achievement goals and emotion valence during interaction with pedagogical agents},
  author={Lall{\'e}, S{\'e}bastien and Conati, Cristina and Azevedo, Roger},
  booktitle={Proceedings of the 17th International Conference on Autonomous Agents and MultiAgent Systems},
  pages={1222--1231},
  year={2018}
}

% emotions influence learning
@article{wortha2019multiple,
  title={Multiple negative emotions during learning with digital learning environments--Evidence on their detrimental effect on learning from two methodological approaches},
  author={Wortha, Franz and Azevedo, Roger and Taub, Michelle and Narciss, Susanne},
  journal={Frontiers in psychology},
  volume={10},
  pages={2678},
  year={2019},
  publisher={Frontiers}
}
% emotions influence learning
@article{baker2010better,
  title={Better to be frustrated than bored: The incidence, persistence, and impact of learners’ cognitive--affective states during interactions with three different computer-based learning environments},
  author={Baker, Ryan SJd and D'Mello, Sidney K and Rodrigo, Ma Mercedes T and Graesser, Arthur C},
  journal={International Journal of Human-Computer Studies},
  volume={68},
  number={4},
  pages={223--241},
  year={2010},
  publisher={Elsevier}
}
% 2014 study predicting affect
@inproceedings{jaques2014predicting,
  title={Predicting affect from gaze data during interaction with an intelligent tutoring system},
  author={Jaques, Natasha and Conati, Cristina and Harley, Jason M and Azevedo, Roger},
  booktitle={International conference on intelligent tutoring systems},
  pages={29--38},
  year={2014},
  organization={Springer}
}

% Affect-aware ITSs
@article{woolf2009affect,
  title={Affect-aware tutors: recognising and responding to student affect},
  author={Woolf, Beverly and Burleson, Winslow and Arroyo, Ivon and Dragon, Toby and Cooper, David and Picard, Rosalind},
  journal={International Journal of Learning Technology},
  volume={4},
  number={3-4},
  pages={129--164},
  year={2009},
  publisher={Inderscience Publishers}
}

@inproceedings{grawemeyer2016affecting,
  title={Affecting off-task behaviour: how affect-aware feedback can improve student learning},
  author={Grawemeyer, Beate and Mavrikis, Manolis and Holmes, Wayne and Gutierrez-Santos, Sergio and Wiedmann, Michael and Rummel, Nikol},
  booktitle={Proceedings of the sixth international conference on learning analytics \& knowledge},
  pages={104--113},
  year={2016}
}

% Cooccurring emotions
@inproceedings{lalle2021predict,
  title={Predicting Co-Occurring Emotions from Eye-Tracking and Interaction Data in MetaTutor},
  author={Lallé, Sébastien and Murali, Rohit and Conati, Cristina and Azevedo, Roger},
  booktitle={Proceedings of the 22nd Conference on Artificial Intelligence in Education},
  year={2021}}
}

@inproceedings{sims2020neural,
  title={A neural architecture for detecting user confusion in eye-tracking data},
  author={Sims, Shane D and Conati, Cristina},
  booktitle={Proceedings of the 2020 International Conference on Multimodal Interaction},
  pages={15--23},
  year={2020}
}

@inproceedings{carenini2004valuecharts,
  title={Valuecharts: analyzing linear models expressing preferences and evaluations},
  author={Carenini, Giuseppe and Loyd, John},
  booktitle={Proceedings of the working conference on Advanced visual interfaces},
  pages={150--157},
  year={2004}
}
